<record><leader>00000cas a22000007a 4500</leader><controlfield tag="001">8331299</controlfield><controlfield tag="008">820413c19829999mnuwr ne      0   a0eng d</controlfield><datafield ind1=" " ind2=" " tag="010"><subfield code="a">sn 82002412 </subfield></datafield><datafield ind1=" " ind2=" " tag="040"><subfield code="a">NSD</subfield><subfield code="b">eng</subfield><subfield code="c">NSD</subfield><subfield code="d">MN#</subfield><subfield code="d">OCLCQ</subfield><subfield code="d">OCLCF</subfield><subfield code="d">OCLCO</subfield></datafield><datafield ind1=" " ind2=" " tag="012"><subfield code="m">1</subfield></datafield><datafield ind1="1" ind2=" " tag="022"><subfield code="a">0744-5180</subfield><subfield code="l">0744-5180</subfield><subfield code="2">1</subfield></datafield><datafield ind1="1" ind2=" " tag="029"><subfield code="a">AU@</subfield><subfield code="b">000025811416</subfield></datafield><datafield ind1=" " ind2=" " tag="032"><subfield code="a">069520</subfield><subfield code="b">USPS</subfield></datafield><datafield ind1=" " ind2=" " tag="037"><subfield code="b">News Mirror, 201 S. Main, Hector, MN 55342</subfield></datafield><datafield ind1=" " ind2=" " tag="042"><subfield code="a">nsdp</subfield></datafield><datafield ind1=" " ind2=" " tag="043"><subfield code="a">n-us-mn</subfield></datafield><datafield ind1=" " ind2=" " tag="052"><subfield code="a">4144</subfield><subfield code="b">B92</subfield><subfield code="b">H5</subfield></datafield><datafield ind1=" " ind2=" " tag="052"><subfield code="a">4143</subfield><subfield code="b">R5</subfield></datafield><datafield ind1=" " ind2="0" tag="222"><subfield code="a">News mirror</subfield></datafield><datafield ind1="0" ind2="0" tag="245"><subfield code="a">News mirror.</subfield></datafield><datafield ind1=" " ind2=" " tag="260"><subfield code="a">Hector, Minn. ;</subfield><subfield code="a">Buffalo Lake, Minn. :</subfield><subfield code="b">John Hubin and Ken Hubin,</subfield><subfield code="c">1982-</subfield></datafield><datafield ind1=" " ind2=" " tag="300"><subfield code="a">v.</subfield></datafield><datafield ind1=" " ind2=" " tag="310"><subfield code="a">Weekly</subfield></datafield><datafield ind1="0" ind2=" " tag="362"><subfield code="a">Vol. 1, no. 1 (Mar. 31, 1982)-</subfield></datafield><datafield ind1=" " ind2=" " tag="500"><subfield code="a">Title from caption.</subfield></datafield><datafield ind1=" " ind2=" " tag="530"><subfield code="a">Available on microfilm from the Minnesota Historical Society.</subfield></datafield><datafield ind1=" " ind2="0" tag="651"><subfield code="a">Hector (Minn.)</subfield><subfield code="v">Newspapers.</subfield></datafield><datafield ind1=" " ind2="0" tag="651"><subfield code="a">Buffalo Lake (Minn.)</subfield><subfield code="v">Newspapers.</subfield></datafield><datafield ind1=" " ind2="7" tag="655"><subfield code="a">Newspapers.</subfield><subfield code="2">fast</subfield><subfield code="0">(OCoLC)fst01423814</subfield></datafield><datafield ind1=" " ind2="7" tag="651"><subfield code="a">Minnesota</subfield><subfield code="z">Buffalo Lake.</subfield><subfield code="2">fast</subfield><subfield code="0">(OCoLC)fst01254518</subfield></datafield><datafield ind1=" " ind2="7" tag="651"><subfield code="a">Minnesota</subfield><subfield code="z">Hector.</subfield><subfield code="2">fast</subfield><subfield code="0">(OCoLC)fst01229603</subfield></datafield><datafield ind1="0" ind2="4" tag="780"><subfield code="t">Buffalo Lake news</subfield><subfield code="w">(DLC)sn 89064734</subfield><subfield code="w">(OCoLC)1537638</subfield></datafield><datafield ind1="0" ind2="4" tag="780"><subfield code="t">Hector mirror</subfield><subfield code="w">(DLC)sn 89064731</subfield><subfield code="w">(OCoLC)1695703</subfield></datafield><datafield ind1=" " ind2=" " tag="752"><subfield code="a">United States</subfield><subfield code="b">Minnesota</subfield><subfield code="c">Renville</subfield><subfield code="d">Hector.</subfield></datafield><datafield ind1=" " ind2=" " tag="752"><subfield code="a">United States</subfield><subfield code="b">Minnesota</subfield><subfield code="c">Renville</subfield><subfield code="d">Buffalo Lake.</subfield></datafield><datafield ind1=" " ind2=" " tag="936"><subfield code="a">Mar. 31, 1982</subfield></datafield></record>